<marcxml:record xmlns:xlink="http://www.w3.org/1999/xlink" xmlns:marcxml="http://www.loc.gov/MARC21/slim" xmlns:mets="http://www.loc.gov/METS/" xmlns:mxe="http://www.loc.gov/mxe" xmlns:rdf="http://www.w3.org/1999/02/22-rdf-syntax-ns#" xmlns:rdfs="http://www.w3.org/2000/01/rdf-schema#" xmlns:skos="http://www.w3.org/2004/02/skos/core#" xmlns:madsrdf="http://www.loc.gov/mads/rdf/v1#" xmlns:ri="http://id.loc.gov/ontologies/RecordInfo#" xmlns:sem="http://marklogic.com/semantics">
  <marcxml:leader>01854cz  a2200421n  4500</marcxml:leader>
  <marcxml:controlfield tag="001">n79039793</marcxml:controlfield>
  <marcxml:controlfield tag="003">DLC</marcxml:controlfield>
  <marcxml:controlfield tag="005">20140508070207.0</marcxml:controlfield>
  <marcxml:controlfield tag="008">790426n| azannaabn          |a ana      </marcxml:controlfield>
  <marcxml:datafield tag="010" ind1=" " ind2=" ">
    <marcxml:subfield code="a">n  79039793 </marcxml:subfield>
  </marcxml:datafield>
  <marcxml:datafield tag="034" ind1=" " ind2=" ">
    <marcxml:subfield code="d">E0101338</marcxml:subfield>
    <marcxml:subfield code="e">E0101338</marcxml:subfield>
    <marcxml:subfield code="f">N0453129</marcxml:subfield>
    <marcxml:subfield code="g">N0453129</marcxml:subfield>
    <marcxml:subfield code="2">geonames</marcxml:subfield>
  </marcxml:datafield>
  <marcxml:datafield tag="035" ind1=" " ind2=" ">
    <marcxml:subfield code="a">(OCoLC)oca00273288</marcxml:subfield>
  </marcxml:datafield>
  <marcxml:datafield tag="040" ind1=" " ind2=" ">
    <marcxml:subfield code="a">DLC</marcxml:subfield>
    <marcxml:subfield code="b">eng</marcxml:subfield>
    <marcxml:subfield code="e">rda</marcxml:subfield>
    <marcxml:subfield code="c">DLC</marcxml:subfield>
    <marcxml:subfield code="d">DLC</marcxml:subfield>
    <marcxml:subfield code="d">UPB</marcxml:subfield>
    <marcxml:subfield code="d">NIC</marcxml:subfield>
    <marcxml:subfield code="d">DLC</marcxml:subfield>
    <marcxml:subfield code="d">OCoLC</marcxml:subfield>
    <marcxml:subfield code="d">DNLM</marcxml:subfield>
  </marcxml:datafield>
  <marcxml:datafield tag="043" ind1=" " ind2=" ">
    <marcxml:subfield code="a">e-it---</marcxml:subfield>
  </marcxml:datafield>
  <marcxml:datafield tag="151" ind1=" " ind2=" ">
    <marcxml:subfield code="a">Brescia (Italy)</marcxml:subfield>
  </marcxml:datafield>
  <marcxml:datafield tag="451" ind1=" " ind2=" ">
    <marcxml:subfield code="a">Brixia (Italy)</marcxml:subfield>
  </marcxml:datafield>
  <marcxml:datafield tag="451" ind1=" " ind2=" ">
    <marcxml:subfield code="a">Barixia (Italy)</marcxml:subfield>
  </marcxml:datafield>
  <marcxml:datafield tag="451" ind1=" " ind2=" ">
    <marcxml:subfield code="a">Bressa (Italy)</marcxml:subfield>
  </marcxml:datafield>
  <marcxml:datafield tag="451" ind1=" " ind2=" ">
    <marcxml:subfield code="a">Brexia (Italy)</marcxml:subfield>
  </marcxml:datafield>
  <marcxml:datafield tag="451" ind1=" " ind2=" ">
    <marcxml:subfield code="a">Brexiona (Italy)</marcxml:subfield>
  </marcxml:datafield>
  <marcxml:datafield tag="451" ind1=" " ind2=" ">
    <marcxml:subfield code="a">Briscia (Italy)</marcxml:subfield>
  </marcxml:datafield>
  <marcxml:datafield tag="451" ind1=" " ind2=" ">
    <marcxml:subfield code="a">Brisia (Italy)</marcxml:subfield>
  </marcxml:datafield>
  <marcxml:datafield tag="451" ind1=" " ind2=" ">
    <marcxml:subfield code="a">Brisscia (Italy)</marcxml:subfield>
  </marcxml:datafield>
  <marcxml:datafield tag="451" ind1=" " ind2=" ">
    <marcxml:subfield code="a">Brissia (Italy)</marcxml:subfield>
  </marcxml:datafield>
  <marcxml:datafield tag="451" ind1=" " ind2=" ">
    <marcxml:subfield code="a">Brixianorum Civitas (Italy)</marcxml:subfield>
  </marcxml:datafield>
  <marcxml:datafield tag="451" ind1=" " ind2=" ">
    <marcxml:subfield code="a">Brixiensium Civitas (Italy)</marcxml:subfield>
  </marcxml:datafield>
  <marcxml:datafield tag="451" ind1=" " ind2=" ">
    <marcxml:subfield code="a">Brixna (Italy)</marcxml:subfield>
  </marcxml:datafield>
  <marcxml:datafield tag="451" ind1=" " ind2=" ">
    <marcxml:subfield code="a">Prissana Civitas (Italy)</marcxml:subfield>
  </marcxml:datafield>
  <marcxml:datafield tag="451" ind1=" " ind2=" ">
    <marcxml:subfield code="a">Prixia (Italy)</marcxml:subfield>
  </marcxml:datafield>
  <marcxml:datafield tag="451" ind1=" " ind2=" ">
    <marcxml:subfield code="a">Prizia (Italy)</marcxml:subfield>
  </marcxml:datafield>
  <marcxml:datafield tag="551" ind1=" " ind2=" ">
    <marcxml:subfield code="w">r</marcxml:subfield>
    <marcxml:subfield code="i">Predecessor:</marcxml:subfield>
    <marcxml:subfield code="a">Brescia (Commune)</marcxml:subfield>
  </marcxml:datafield>
  <marcxml:datafield tag="667" ind1=" " ind2=" ">
    <marcxml:subfield code="a">Old catalog heading: Brescia</marcxml:subfield>
  </marcxml:datafield>
  <marcxml:datafield tag="670" ind1=" " ind2=" ">
    <marcxml:subfield code="a">Nuov. diz. dei com. e fraz. di com., 29a ed., 1984</marcxml:subfield>
    <marcxml:subfield code="b">(Brescia; prov., Brescia)</marcxml:subfield>
  </marcxml:datafield>
  <marcxml:datafield tag="670" ind1=" " ind2=" ">
    <marcxml:subfield code="a">NIS gaz., Italy, 1956</marcxml:subfield>
    <marcxml:subfield code="b">(Brescia; popl.; 45°33ʹN, 10°15ʹE)</marcxml:subfield>
  </marcxml:datafield>
  <marcxml:datafield tag="670" ind1=" " ind2=" ">
    <marcxml:subfield code="a">Orbis Latinus, 1972:</marcxml:subfield>
    <marcxml:subfield code="b">I:338 (Brixia, Barixia, Bressa, Bressanus, Brexia, Brexiona, Briscia, Brisciensis, Brisia, Brisianus, Brisscia, Brissia, Brissiensis, Brixensis, Brixianensis, Brixianorum civ., Brixianus, Brixiensis, Brixiensium civ., Brixinensis, Brixna, Prissana civ., Prissiensis, Prixia, Prixiensis, Prizia: Brescia, Pr.-Hst. in Lombardia, Italien)</marcxml:subfield>
  </marcxml:datafield>
  <marcxml:datafield tag="670" ind1=" " ind2=" ">
    <marcxml:subfield code="a">Encyc. Brit. (under Brescia, Latin, Brixia: in 11th cent. became independent commune; passed to Venice in 1426, to Austria in 1814; became part of Italy in 1859)</marcxml:subfield>
  </marcxml:datafield>
  <marcxml:datafield tag="670" ind1=" " ind2=" ">
    <marcxml:subfield code="a">GeoNames, algorithmically matched, 2009</marcxml:subfield>
    <marcxml:subfield code="b">(ppl; 45°31ʹ29ʺN 010°13ʹ38ʺE)</marcxml:subfield>
  </marcxml:datafield>
  <marcxml:datafield tag="781" ind1=" " ind2="0">
    <marcxml:subfield code="z">Italy</marcxml:subfield>
    <marcxml:subfield code="z">Brescia</marcxml:subfield>
  </marcxml:datafield>
</marcxml:record>
